@misc{pacru,
   author = {Alan Wills},
   title =  {Pacru},
   year = {2002},
   howpublished = {pacru.com},
   note = {visited on October 7 2017}
}

